%YAML 1.1
%TAG !u! tag:unity3d.com,2011:
--- !u!1 &2023550513059642741
GameObject:
  m_ObjectHideFlags: 0
  m_CorrespondingSourceObject: {fileID: 0}
  m_PrefabInstance: {fileID: 0}
  m_PrefabAsset: {fileID: 0}
  serializedVersion: 6
  m_Component:
  - component: {fileID: 4065359171928910316}
  m_Layer: 0
  m_Name: CrystalStone09
  m_TagString: Untagged
  m_Icon: {fileID: 0}
  m_NavMeshLayer: 0
  m_StaticEditorFlags: 0
  m_IsActive: 1
--- !u!4 &4065359171928910316
Transform:
  m_ObjectHideFlags: 0
  m_CorrespondingSourceObject: {fileID: 0}
  m_PrefabInstance: {fileID: 0}
  m_PrefabAsset: {fileID: 0}
  m_GameObject: {fileID: 2023550513059642741}
  m_LocalRotation: {x: 0, y: 0, z: 0, w: 1}
  m_LocalPosition: {x: 0, y: 0, z: 0}
  m_LocalScale: {x: 1, y: 1, z: 1}
  m_Children:
  - {fileID: 3308535674615418929}
  - {fileID: 4740590348811471185}
  - {fileID: 4946566501197869129}
  m_Father: {fileID: 0}
  m_RootOrder: 0
  m_LocalEulerAnglesHint: {x: 0, y: 0, z: 0}
--- !u!1001 &5924556125692215703
PrefabInstance:
  m_ObjectHideFlags: 0
  serializedVersion: 2
  m_Modification:
    m_TransformParent: {fileID: 4065359171928910316}
    m_Modifications:
    - target: {fileID: 1624604862262020076, guid: d330e12e78448f841bc3897639f23820, type: 3}
      propertyPath: m_Name
      value: BetterCrystal11 (3)
      objectReference: {fileID: 0}
    - target: {fileID: 1629736190661964254, guid: d330e12e78448f841bc3897639f23820, type: 3}
      propertyPath: m_LocalPosition.x
      value: 304.52228
      objectReference: {fileID: 0}
    - target: {fileID: 1629736190661964254, guid: d330e12e78448f841bc3897639f23820, type: 3}
      propertyPath: m_LocalPosition.y
      value: 20.741848
      objectReference: {fileID: 0}
    - target: {fileID: 1629736190661964254, guid: d330e12e78448f841bc3897639f23820, type: 3}
      propertyPath: m_LocalPosition.z
      value: 205.77
      objectReference: {fileID: 0}
    - target: {fileID: 1629736190661964254, guid: d330e12e78448f841bc3897639f23820, type: 3}
      propertyPath: m_LocalRotation.x
      value: 0.39008012
      objectReference: {fileID: 0}
    - target: {fileID: 1629736190661964254, guid: d330e12e78448f841bc3897639f23820, type: 3}
      propertyPath: m_LocalRotation.y
      value: -0.3927496
      objectReference: {fileID: 0}
    - target: {fileID: 1629736190661964254, guid: d330e12e78448f841bc3897639f23820, type: 3}
      propertyPath: m_LocalRotation.z
      value: 0.42967838
      objectReference: {fileID: 0}
    - target: {fileID: 1629736190661964254, guid: d330e12e78448f841bc3897639f23820, type: 3}
      propertyPath: m_LocalRotation.w
      value: -0.71341556
      objectReference: {fileID: 0}
    - target: {fileID: 1629736190661964254, guid: d330e12e78448f841bc3897639f23820, type: 3}
      propertyPath: m_RootOrder
      value: 2
      objectReference: {fileID: 0}
    - target: {fileID: 1629736190661964254, guid: d330e12e78448f841bc3897639f23820, type: 3}
      propertyPath: m_LocalEulerAnglesHint.x
      value: -12.654
      objectReference: {fileID: 0}
    - target: {fileID: 1629736190661964254, guid: d330e12e78448f841bc3897639f23820, type: 3}
      propertyPath: m_LocalEulerAnglesHint.y
      value: -293.379
      objectReference: {fileID: 0}
    - target: {fileID: 1629736190661964254, guid: d330e12e78448f841bc3897639f23820, type: 3}
      propertyPath: m_LocalEulerAnglesHint.z
      value: -70.455
      objectReference: {fileID: 0}
    - target: {fileID: 1629736190661964254, guid: d330e12e78448f841bc3897639f23820, type: 3}
      propertyPath: m_LocalScale.z
      value: 5
      objectReference: {fileID: 0}
    - target: {fileID: 1629736190661964254, guid: d330e12e78448f841bc3897639f23820, type: 3}
      propertyPath: m_LocalScale.x
      value: 7
      objectReference: {fileID: 0}
    - target: {fileID: 1629736190661964254, guid: d330e12e78448f841bc3897639f23820, type: 3}
      propertyPath: m_LocalScale.y
      value: 2
      objectReference: {fileID: 0}
    m_RemovedComponents: []
  m_SourcePrefab: {fileID: 100100000, guid: d330e12e78448f841bc3897639f23820, type: 3}
--- !u!4 &4946566501197869129 stripped
Transform:
  m_CorrespondingSourceObject: {fileID: 1629736190661964254, guid: d330e12e78448f841bc3897639f23820, type: 3}
  m_PrefabInstance: {fileID: 5924556125692215703}
  m_PrefabAsset: {fileID: 0}
--- !u!1001 &5924556126655989745
PrefabInstance:
  m_ObjectHideFlags: 0
  serializedVersion: 2
  m_Modification:
    m_TransformParent: {fileID: 4065359171928910316}
    m_Modifications:
    - target: {fileID: 1434264865840396434, guid: a27b0b7a9bbb84e4caa1e51e4e7b2734, type: 3}
      propertyPath: m_Name
      value: BetterCrystal09 (4)
      objectReference: {fileID: 0}
    - target: {fileID: 1437129482350382752, guid: a27b0b7a9bbb84e4caa1e51e4e7b2734, type: 3}
      propertyPath: m_LocalPosition.x
      value: 307.3
      objectReference: {fileID: 0}
    - target: {fileID: 1437129482350382752, guid: a27b0b7a9bbb84e4caa1e51e4e7b2734, type: 3}
      propertyPath: m_LocalPosition.y
      value: 22.48
      objectReference: {fileID: 0}
    - target: {fileID: 1437129482350382752, guid: a27b0b7a9bbb84e4caa1e51e4e7b2734, type: 3}
      propertyPath: m_LocalPosition.z
      value: 206.65
      objectReference: {fileID: 0}
    - target: {fileID: 1437129482350382752, guid: a27b0b7a9bbb84e4caa1e51e4e7b2734, type: 3}
      propertyPath: m_LocalRotation.x
      value: -0.23112133
      objectReference: {fileID: 0}
    - target: {fileID: 1437129482350382752, guid: a27b0b7a9bbb84e4caa1e51e4e7b2734, type: 3}
      propertyPath: m_LocalRotation.y
      value: -0.13810022
      objectReference: {fileID: 0}
    - target: {fileID: 1437129482350382752, guid: a27b0b7a9bbb84e4caa1e51e4e7b2734, type: 3}
      propertyPath: m_LocalRotation.z
      value: -0.040257066
      objectReference: {fileID: 0}
    - target: {fileID: 1437129482350382752, guid: a27b0b7a9bbb84e4caa1e51e4e7b2734, type: 3}
      propertyPath: m_LocalRotation.w
      value: 0.9622322
      objectReference: {fileID: 0}
    - target: {fileID: 1437129482350382752, guid: a27b0b7a9bbb84e4caa1e51e4e7b2734, type: 3}
      propertyPath: m_RootOrder
      value: 1
      objectReference: {fileID: 0}
    - target: {fileID: 1437129482350382752, guid: a27b0b7a9bbb84e4caa1e51e4e7b2734, type: 3}
      propertyPath: m_LocalEulerAnglesHint.x
      value: -27.123
      objectReference: {fileID: 0}
    - target: {fileID: 1437129482350382752, guid: a27b0b7a9bbb84e4caa1e51e4e7b2734, type: 3}
      propertyPath: m_LocalEulerAnglesHint.y
      value: -16.123
      objectReference: {fileID: 0}
    - target: {fileID: 1437129482350382752, guid: a27b0b7a9bbb84e4caa1e51e4e7b2734, type: 3}
      propertyPath: m_LocalEulerAnglesHint.z
      value: -0.878
      objectReference: {fileID: 0}
    - target: {fileID: 1437129482350382752, guid: a27b0b7a9bbb84e4caa1e51e4e7b2734, type: 3}
      propertyPath: m_LocalScale.y
      value: 3
      objectReference: {fileID: 0}
    - target: {fileID: 1437129482350382752, guid: a27b0b7a9bbb84e4caa1e51e4e7b2734, type: 3}
      propertyPath: m_LocalScale.z
      value: 5
      objectReference: {fileID: 0}
    - target: {fileID: 1437129482350382752, guid: a27b0b7a9bbb84e4caa1e51e4e7b2734, type: 3}
      propertyPath: m_LocalScale.x
      value: 4
      objectReference: {fileID: 0}
    m_RemovedComponents: []
  m_SourcePrefab: {fileID: 100100000, guid: a27b0b7a9bbb84e4caa1e51e4e7b2734, type: 3}
--- !u!4 &4740590348811471185 stripped
Transform:
  m_CorrespondingSourceObject: {fileID: 1437129482350382752, guid: a27b0b7a9bbb84e4caa1e51e4e7b2734, type: 3}
  m_PrefabInstance: {fileID: 5924556126655989745}
  m_PrefabAsset: {fileID: 0}
--- !u!1001 &5924556126913811938
PrefabInstance:
  m_ObjectHideFlags: 0
  serializedVersion: 2
  m_Modification:
    m_TransformParent: {fileID: 4065359171928910316}
    m_Modifications:
    - target: {fileID: 4416367696770328264, guid: 0fc5d031f945c45418ee4d0380619476, type: 3}
      propertyPath: m_Name
      value: Rock3 (2)
      objectReference: {fileID: 0}
    - target: {fileID: 9210432721097524691, guid: 0fc5d031f945c45418ee4d0380619476, type: 3}
      propertyPath: m_LocalPosition.x
      value: 306.037
      objectReference: {fileID: 0}
    - target: {fileID: 9210432721097524691, guid: 0fc5d031f945c45418ee4d0380619476, type: 3}
      propertyPath: m_LocalPosition.y
      value: 21.986856
      objectReference: {fileID: 0}
    - target: {fileID: 9210432721097524691, guid: 0fc5d031f945c45418ee4d0380619476, type: 3}
      propertyPath: m_LocalPosition.z
      value: 208.63582
      objectReference: {fileID: 0}
    - target: {fileID: 9210432721097524691, guid: 0fc5d031f945c45418ee4d0380619476, type: 3}
      propertyPath: m_LocalRotation.x
      value: 0.6737335
      objectReference: {fileID: 0}
    - target: {fileID: 9210432721097524691, guid: 0fc5d031f945c45418ee4d0380619476, type: 3}
      propertyPath: m_LocalRotation.y
      value: 0.3003602
      objectReference: {fileID: 0}
    - target: {fileID: 9210432721097524691, guid: 0fc5d031f945c45418ee4d0380619476, type: 3}
      propertyPath: m_LocalRotation.z
      value: 0.022447554
      objectReference: {fileID: 0}
    - target: {fileID: 9210432721097524691, guid: 0fc5d031f945c45418ee4d0380619476, type: 3}
      propertyPath: m_LocalRotation.w
      value: 0.674806
      objectReference: {fileID: 0}
    - target: {fileID: 9210432721097524691, guid: 0fc5d031f945c45418ee4d0380619476, type: 3}
      propertyPath: m_RootOrder
      value: 0
      objectReference: {fileID: 0}
    - target: {fileID: 9210432721097524691, guid: 0fc5d031f945c45418ee4d0380619476, type: 3}
      propertyPath: m_LocalEulerAnglesHint.x
      value: 63.611
      objectReference: {fileID: 0}
    - target: {fileID: 9210432721097524691, guid: 0fc5d031f945c45418ee4d0380619476, type: 3}
      propertyPath: m_LocalEulerAnglesHint.y
      value: 101.454
      objectReference: {fileID: 0}
    - target: {fileID: 9210432721097524691, guid: 0fc5d031f945c45418ee4d0380619476, type: 3}
      propertyPath: m_LocalEulerAnglesHint.z
      value: 78.165
      objectReference: {fileID: 0}
    - target: {fileID: 9210432721097524691, guid: 0fc5d031f945c45418ee4d0380619476, type: 3}
      propertyPath: m_LocalScale.y
      value: 6
      objectReference: {fileID: 0}
    - target: {fileID: 9210432721097524691, guid: 0fc5d031f945c45418ee4d0380619476, type: 3}
      propertyPath: m_LocalScale.z
      value: 8
      objectReference: {fileID: 0}
    - target: {fileID: 9210432721097524691, guid: 0fc5d031f945c45418ee4d0380619476, type: 3}
      propertyPath: m_LocalScale.x
      value: 5
      objectReference: {fileID: 0}
    m_RemovedComponents: []
  m_SourcePrefab: {fileID: 100100000, guid: 0fc5d031f945c45418ee4d0380619476, type: 3}
--- !u!4 &3308535674615418929 stripped
Transform:
  m_CorrespondingSourceObject: {fileID: 9210432721097524691, guid: 0fc5d031f945c45418ee4d0380619476, type: 3}
  m_PrefabInstance: {fileID: 5924556126913811938}
  m_PrefabAsset: {fileID: 0}
