%YAML 1.1
%TAG !u! tag:unity3d.com,2011:
--- !u!1 &1786420232174243873
GameObject:
  m_ObjectHideFlags: 0
  m_CorrespondingSourceObject: {fileID: 0}
  m_PrefabInstance: {fileID: 0}
  m_PrefabAsset: {fileID: 0}
  serializedVersion: 6
  m_Component:
  - component: {fileID: 4557525869106024185}
  m_Layer: 0
  m_Name: CrystalStone03
  m_TagString: Untagged
  m_Icon: {fileID: 0}
  m_NavMeshLayer: 0
  m_StaticEditorFlags: 0
  m_IsActive: 1
--- !u!4 &4557525869106024185
Transform:
  m_ObjectHideFlags: 0
  m_CorrespondingSourceObject: {fileID: 0}
  m_PrefabInstance: {fileID: 0}
  m_PrefabAsset: {fileID: 0}
  m_GameObject: {fileID: 1786420232174243873}
  m_LocalRotation: {x: 0, y: 0, z: 0, w: 1}
  m_LocalPosition: {x: 0, y: 0, z: 0}
  m_LocalScale: {x: 1, y: 1, z: 1}
  m_Children:
  - {fileID: 831837427305761641}
  - {fileID: 8121653453904877558}
  - {fileID: 4243435867291234090}
  m_Father: {fileID: 0}
  m_RootOrder: 0
  m_LocalEulerAnglesHint: {x: 0, y: 0, z: 0}
--- !u!1001 &1763988414712186313
PrefabInstance:
  m_ObjectHideFlags: 0
  serializedVersion: 2
  m_Modification:
    m_TransformParent: {fileID: 4557525869106024185}
    m_Modifications:
    - target: {fileID: 1434264865840396434, guid: a27b0b7a9bbb84e4caa1e51e4e7b2734, type: 3}
      propertyPath: m_Name
      value: BetterCrystal09 (1)
      objectReference: {fileID: 0}
    - target: {fileID: 1437129482350382752, guid: a27b0b7a9bbb84e4caa1e51e4e7b2734, type: 3}
      propertyPath: m_LocalPosition.x
      value: 0.15
      objectReference: {fileID: 0}
    - target: {fileID: 1437129482350382752, guid: a27b0b7a9bbb84e4caa1e51e4e7b2734, type: 3}
      propertyPath: m_LocalPosition.y
      value: 0.2
      objectReference: {fileID: 0}
    - target: {fileID: 1437129482350382752, guid: a27b0b7a9bbb84e4caa1e51e4e7b2734, type: 3}
      propertyPath: m_LocalPosition.z
      value: 0.11
      objectReference: {fileID: 0}
    - target: {fileID: 1437129482350382752, guid: a27b0b7a9bbb84e4caa1e51e4e7b2734, type: 3}
      propertyPath: m_LocalRotation.x
      value: -0
      objectReference: {fileID: 0}
    - target: {fileID: 1437129482350382752, guid: a27b0b7a9bbb84e4caa1e51e4e7b2734, type: 3}
      propertyPath: m_LocalRotation.y
      value: -0
      objectReference: {fileID: 0}
    - target: {fileID: 1437129482350382752, guid: a27b0b7a9bbb84e4caa1e51e4e7b2734, type: 3}
      propertyPath: m_LocalRotation.z
      value: -0
      objectReference: {fileID: 0}
    - target: {fileID: 1437129482350382752, guid: a27b0b7a9bbb84e4caa1e51e4e7b2734, type: 3}
      propertyPath: m_LocalRotation.w
      value: 1
      objectReference: {fileID: 0}
    - target: {fileID: 1437129482350382752, guid: a27b0b7a9bbb84e4caa1e51e4e7b2734, type: 3}
      propertyPath: m_RootOrder
      value: 0
      objectReference: {fileID: 0}
    - target: {fileID: 1437129482350382752, guid: a27b0b7a9bbb84e4caa1e51e4e7b2734, type: 3}
      propertyPath: m_LocalEulerAnglesHint.x
      value: 0
      objectReference: {fileID: 0}
    - target: {fileID: 1437129482350382752, guid: a27b0b7a9bbb84e4caa1e51e4e7b2734, type: 3}
      propertyPath: m_LocalEulerAnglesHint.y
      value: 0
      objectReference: {fileID: 0}
    - target: {fileID: 1437129482350382752, guid: a27b0b7a9bbb84e4caa1e51e4e7b2734, type: 3}
      propertyPath: m_LocalEulerAnglesHint.z
      value: 0
      objectReference: {fileID: 0}
    - target: {fileID: 1437129482350382752, guid: a27b0b7a9bbb84e4caa1e51e4e7b2734, type: 3}
      propertyPath: m_LocalScale.y
      value: 1
      objectReference: {fileID: 0}
    - target: {fileID: 1437129482350382752, guid: a27b0b7a9bbb84e4caa1e51e4e7b2734, type: 3}
      propertyPath: m_LocalScale.x
      value: 2
      objectReference: {fileID: 0}
    - target: {fileID: 1437129482350382752, guid: a27b0b7a9bbb84e4caa1e51e4e7b2734, type: 3}
      propertyPath: m_LocalScale.z
      value: 2
      objectReference: {fileID: 0}
    m_RemovedComponents: []
  m_SourcePrefab: {fileID: 100100000, guid: a27b0b7a9bbb84e4caa1e51e4e7b2734, type: 3}
--- !u!4 &831837427305761641 stripped
Transform:
  m_CorrespondingSourceObject: {fileID: 1437129482350382752, guid: a27b0b7a9bbb84e4caa1e51e4e7b2734, type: 3}
  m_PrefabInstance: {fileID: 1763988414712186313}
  m_PrefabAsset: {fileID: 0}
--- !u!1001 &4436958173792864744
PrefabInstance:
  m_ObjectHideFlags: 0
  serializedVersion: 2
  m_Modification:
    m_TransformParent: {fileID: 4557525869106024185}
    m_Modifications:
    - target: {fileID: 536081751240025794, guid: 9f4d5abacff6de046bdfc3e336ee2f21, type: 3}
      propertyPath: m_LocalPosition.x
      value: 0
      objectReference: {fileID: 0}
    - target: {fileID: 536081751240025794, guid: 9f4d5abacff6de046bdfc3e336ee2f21, type: 3}
      propertyPath: m_LocalPosition.y
      value: 0
      objectReference: {fileID: 0}
    - target: {fileID: 536081751240025794, guid: 9f4d5abacff6de046bdfc3e336ee2f21, type: 3}
      propertyPath: m_LocalPosition.z
      value: 0
      objectReference: {fileID: 0}
    - target: {fileID: 536081751240025794, guid: 9f4d5abacff6de046bdfc3e336ee2f21, type: 3}
      propertyPath: m_LocalRotation.x
      value: 0.23335984
      objectReference: {fileID: 0}
    - target: {fileID: 536081751240025794, guid: 9f4d5abacff6de046bdfc3e336ee2f21, type: 3}
      propertyPath: m_LocalRotation.y
      value: -0.07178982
      objectReference: {fileID: 0}
    - target: {fileID: 536081751240025794, guid: 9f4d5abacff6de046bdfc3e336ee2f21, type: 3}
      propertyPath: m_LocalRotation.z
      value: -0.285138
      objectReference: {fileID: 0}
    - target: {fileID: 536081751240025794, guid: 9f4d5abacff6de046bdfc3e336ee2f21, type: 3}
      propertyPath: m_LocalRotation.w
      value: 0.92686874
      objectReference: {fileID: 0}
    - target: {fileID: 536081751240025794, guid: 9f4d5abacff6de046bdfc3e336ee2f21, type: 3}
      propertyPath: m_RootOrder
      value: 2
      objectReference: {fileID: 0}
    - target: {fileID: 536081751240025794, guid: 9f4d5abacff6de046bdfc3e336ee2f21, type: 3}
      propertyPath: m_LocalEulerAnglesHint.x
      value: 23.057
      objectReference: {fileID: 0}
    - target: {fileID: 536081751240025794, guid: 9f4d5abacff6de046bdfc3e336ee2f21, type: 3}
      propertyPath: m_LocalEulerAnglesHint.y
      value: -16.814
      objectReference: {fileID: 0}
    - target: {fileID: 536081751240025794, guid: 9f4d5abacff6de046bdfc3e336ee2f21, type: 3}
      propertyPath: m_LocalEulerAnglesHint.z
      value: -37.653
      objectReference: {fileID: 0}
    - target: {fileID: 2094281173788186747, guid: 9f4d5abacff6de046bdfc3e336ee2f21, type: 3}
      propertyPath: m_Name
      value: Rock2
      objectReference: {fileID: 0}
    m_RemovedComponents: []
  m_SourcePrefab: {fileID: 100100000, guid: 9f4d5abacff6de046bdfc3e336ee2f21, type: 3}
--- !u!4 &4243435867291234090 stripped
Transform:
  m_CorrespondingSourceObject: {fileID: 536081751240025794, guid: 9f4d5abacff6de046bdfc3e336ee2f21, type: 3}
  m_PrefabInstance: {fileID: 4436958173792864744}
  m_PrefabAsset: {fileID: 0}
--- !u!1001 &7152944840960858454
PrefabInstance:
  m_ObjectHideFlags: 0
  serializedVersion: 2
  m_Modification:
    m_TransformParent: {fileID: 4557525869106024185}
    m_Modifications:
    - target: {fileID: 1434264865840396434, guid: a27b0b7a9bbb84e4caa1e51e4e7b2734, type: 3}
      propertyPath: m_Name
      value: BetterCrystal09
      objectReference: {fileID: 0}
    - target: {fileID: 1437129482350382752, guid: a27b0b7a9bbb84e4caa1e51e4e7b2734, type: 3}
      propertyPath: m_LocalPosition.x
      value: 0.45999995
      objectReference: {fileID: 0}
    - target: {fileID: 1437129482350382752, guid: a27b0b7a9bbb84e4caa1e51e4e7b2734, type: 3}
      propertyPath: m_LocalPosition.y
      value: 0.2000004
      objectReference: {fileID: 0}
    - target: {fileID: 1437129482350382752, guid: a27b0b7a9bbb84e4caa1e51e4e7b2734, type: 3}
      propertyPath: m_LocalPosition.z
      value: 0.109999985
      objectReference: {fileID: 0}
    - target: {fileID: 1437129482350382752, guid: a27b0b7a9bbb84e4caa1e51e4e7b2734, type: 3}
      propertyPath: m_LocalRotation.x
      value: 0.078863375
      objectReference: {fileID: 0}
    - target: {fileID: 1437129482350382752, guid: a27b0b7a9bbb84e4caa1e51e4e7b2734, type: 3}
      propertyPath: m_LocalRotation.y
      value: 0.07991265
      objectReference: {fileID: 0}
    - target: {fileID: 1437129482350382752, guid: a27b0b7a9bbb84e4caa1e51e4e7b2734, type: 3}
      propertyPath: m_LocalRotation.z
      value: -0.16754557
      objectReference: {fileID: 0}
    - target: {fileID: 1437129482350382752, guid: a27b0b7a9bbb84e4caa1e51e4e7b2734, type: 3}
      propertyPath: m_LocalRotation.w
      value: 0.9794504
      objectReference: {fileID: 0}
    - target: {fileID: 1437129482350382752, guid: a27b0b7a9bbb84e4caa1e51e4e7b2734, type: 3}
      propertyPath: m_RootOrder
      value: 1
      objectReference: {fileID: 0}
    - target: {fileID: 1437129482350382752, guid: a27b0b7a9bbb84e4caa1e51e4e7b2734, type: 3}
      propertyPath: m_LocalEulerAnglesHint.x
      value: 10.443
      objectReference: {fileID: 0}
    - target: {fileID: 1437129482350382752, guid: a27b0b7a9bbb84e4caa1e51e4e7b2734, type: 3}
      propertyPath: m_LocalEulerAnglesHint.y
      value: 7.603
      objectReference: {fileID: 0}
    - target: {fileID: 1437129482350382752, guid: a27b0b7a9bbb84e4caa1e51e4e7b2734, type: 3}
      propertyPath: m_LocalEulerAnglesHint.z
      value: -18.718
      objectReference: {fileID: 0}
    m_RemovedComponents: []
  m_SourcePrefab: {fileID: 100100000, guid: a27b0b7a9bbb84e4caa1e51e4e7b2734, type: 3}
--- !u!4 &8121653453904877558 stripped
Transform:
  m_CorrespondingSourceObject: {fileID: 1437129482350382752, guid: a27b0b7a9bbb84e4caa1e51e4e7b2734, type: 3}
  m_PrefabInstance: {fileID: 7152944840960858454}
  m_PrefabAsset: {fileID: 0}
