%YAML 1.1
%TAG !u! tag:unity3d.com,2011:
--- !u!1 &8199409249001791290
GameObject:
  m_ObjectHideFlags: 0
  m_CorrespondingSourceObject: {fileID: 0}
  m_PrefabInstance: {fileID: 0}
  m_PrefabAsset: {fileID: 0}
  serializedVersion: 6
  m_Component:
  - component: {fileID: 3412793148011182006}
  m_Layer: 0
  m_Name: CrystalStone05
  m_TagString: Untagged
  m_Icon: {fileID: 0}
  m_NavMeshLayer: 0
  m_StaticEditorFlags: 0
  m_IsActive: 1
--- !u!4 &3412793148011182006
Transform:
  m_ObjectHideFlags: 0
  m_CorrespondingSourceObject: {fileID: 0}
  m_PrefabInstance: {fileID: 0}
  m_PrefabAsset: {fileID: 0}
  m_GameObject: {fileID: 8199409249001791290}
  m_LocalRotation: {x: 0, y: 0, z: 0, w: 1}
  m_LocalPosition: {x: 0, y: 0, z: 0}
  m_LocalScale: {x: 1, y: 1, z: 1}
  m_Children:
  - {fileID: 6956947368879618714}
  - {fileID: 703671401187544992}
  - {fileID: 3223817717952504099}
  - {fileID: 8232402404732043094}
  m_Father: {fileID: 0}
  m_RootOrder: 0
  m_LocalEulerAnglesHint: {x: 0, y: 0, z: 0}
--- !u!1001 &6012106355703047408
PrefabInstance:
  m_ObjectHideFlags: 0
  serializedVersion: 2
  m_Modification:
    m_TransformParent: {fileID: 3412793148011182006}
    m_Modifications:
    - target: {fileID: 4416367696770328264, guid: 0fc5d031f945c45418ee4d0380619476, type: 3}
      propertyPath: m_Name
      value: Rock3
      objectReference: {fileID: 0}
    - target: {fileID: 9210432721097524691, guid: 0fc5d031f945c45418ee4d0380619476, type: 3}
      propertyPath: m_LocalPosition.x
      value: -3.3
      objectReference: {fileID: 0}
    - target: {fileID: 9210432721097524691, guid: 0fc5d031f945c45418ee4d0380619476, type: 3}
      propertyPath: m_LocalPosition.y
      value: 9.7
      objectReference: {fileID: 0}
    - target: {fileID: 9210432721097524691, guid: 0fc5d031f945c45418ee4d0380619476, type: 3}
      propertyPath: m_LocalPosition.z
      value: -3.7
      objectReference: {fileID: 0}
    - target: {fileID: 9210432721097524691, guid: 0fc5d031f945c45418ee4d0380619476, type: 3}
      propertyPath: m_LocalRotation.x
      value: -0.110753715
      objectReference: {fileID: 0}
    - target: {fileID: 9210432721097524691, guid: 0fc5d031f945c45418ee4d0380619476, type: 3}
      propertyPath: m_LocalRotation.y
      value: 0.31792283
      objectReference: {fileID: 0}
    - target: {fileID: 9210432721097524691, guid: 0fc5d031f945c45418ee4d0380619476, type: 3}
      propertyPath: m_LocalRotation.z
      value: -0.030490154
      objectReference: {fileID: 0}
    - target: {fileID: 9210432721097524691, guid: 0fc5d031f945c45418ee4d0380619476, type: 3}
      propertyPath: m_LocalRotation.w
      value: 0.9411318
      objectReference: {fileID: 0}
    - target: {fileID: 9210432721097524691, guid: 0fc5d031f945c45418ee4d0380619476, type: 3}
      propertyPath: m_RootOrder
      value: 2
      objectReference: {fileID: 0}
    - target: {fileID: 9210432721097524691, guid: 0fc5d031f945c45418ee4d0380619476, type: 3}
      propertyPath: m_LocalEulerAnglesHint.x
      value: -10.899
      objectReference: {fileID: 0}
    - target: {fileID: 9210432721097524691, guid: 0fc5d031f945c45418ee4d0380619476, type: 3}
      propertyPath: m_LocalEulerAnglesHint.y
      value: 38.045
      objectReference: {fileID: 0}
    - target: {fileID: 9210432721097524691, guid: 0fc5d031f945c45418ee4d0380619476, type: 3}
      propertyPath: m_LocalEulerAnglesHint.z
      value: -7.479
      objectReference: {fileID: 0}
    - target: {fileID: 9210432721097524691, guid: 0fc5d031f945c45418ee4d0380619476, type: 3}
      propertyPath: m_LocalScale.y
      value: 10
      objectReference: {fileID: 0}
    - target: {fileID: 9210432721097524691, guid: 0fc5d031f945c45418ee4d0380619476, type: 3}
      propertyPath: m_LocalScale.z
      value: 10
      objectReference: {fileID: 0}
    - target: {fileID: 9210432721097524691, guid: 0fc5d031f945c45418ee4d0380619476, type: 3}
      propertyPath: m_LocalScale.x
      value: 10
      objectReference: {fileID: 0}
    m_RemovedComponents: []
  m_SourcePrefab: {fileID: 100100000, guid: 0fc5d031f945c45418ee4d0380619476, type: 3}
--- !u!4 &3223817717952504099 stripped
Transform:
  m_CorrespondingSourceObject: {fileID: 9210432721097524691, guid: 0fc5d031f945c45418ee4d0380619476, type: 3}
  m_PrefabInstance: {fileID: 6012106355703047408}
  m_PrefabAsset: {fileID: 0}
--- !u!1001 &7649439833213157589
PrefabInstance:
  m_ObjectHideFlags: 0
  serializedVersion: 2
  m_Modification:
    m_TransformParent: {fileID: 3412793148011182006}
    m_Modifications:
    - target: {fileID: 1729706942529145265, guid: bce52e34e213a6843bbfe59b44d824c2, type: 3}
      propertyPath: m_Name
      value: BetterCrystal12
      objectReference: {fileID: 0}
    - target: {fileID: 1735885461298823043, guid: bce52e34e213a6843bbfe59b44d824c2, type: 3}
      propertyPath: m_LocalPosition.x
      value: 2.808644
      objectReference: {fileID: 0}
    - target: {fileID: 1735885461298823043, guid: bce52e34e213a6843bbfe59b44d824c2, type: 3}
      propertyPath: m_LocalPosition.y
      value: -8
      objectReference: {fileID: 0}
    - target: {fileID: 1735885461298823043, guid: bce52e34e213a6843bbfe59b44d824c2, type: 3}
      propertyPath: m_LocalPosition.z
      value: 5.717804
      objectReference: {fileID: 0}
    - target: {fileID: 1735885461298823043, guid: bce52e34e213a6843bbfe59b44d824c2, type: 3}
      propertyPath: m_LocalRotation.x
      value: -0.12379049
      objectReference: {fileID: 0}
    - target: {fileID: 1735885461298823043, guid: bce52e34e213a6843bbfe59b44d824c2, type: 3}
      propertyPath: m_LocalRotation.y
      value: 0.07891588
      objectReference: {fileID: 0}
    - target: {fileID: 1735885461298823043, guid: bce52e34e213a6843bbfe59b44d824c2, type: 3}
      propertyPath: m_LocalRotation.z
      value: -0.17462794
      objectReference: {fileID: 0}
    - target: {fileID: 1735885461298823043, guid: bce52e34e213a6843bbfe59b44d824c2, type: 3}
      propertyPath: m_LocalRotation.w
      value: 0.97362894
      objectReference: {fileID: 0}
    - target: {fileID: 1735885461298823043, guid: bce52e34e213a6843bbfe59b44d824c2, type: 3}
      propertyPath: m_RootOrder
      value: 3
      objectReference: {fileID: 0}
    - target: {fileID: 1735885461298823043, guid: bce52e34e213a6843bbfe59b44d824c2, type: 3}
      propertyPath: m_LocalEulerAnglesHint.x
      value: -12.327
      objectReference: {fileID: 0}
    - target: {fileID: 1735885461298823043, guid: bce52e34e213a6843bbfe59b44d824c2, type: 3}
      propertyPath: m_LocalEulerAnglesHint.y
      value: 11.628
      objectReference: {fileID: 0}
    - target: {fileID: 1735885461298823043, guid: bce52e34e213a6843bbfe59b44d824c2, type: 3}
      propertyPath: m_LocalEulerAnglesHint.z
      value: -21.597
      objectReference: {fileID: 0}
    - target: {fileID: 1735885461298823043, guid: bce52e34e213a6843bbfe59b44d824c2, type: 3}
      propertyPath: m_LocalScale.y
      value: 5
      objectReference: {fileID: 0}
    - target: {fileID: 1735885461298823043, guid: bce52e34e213a6843bbfe59b44d824c2, type: 3}
      propertyPath: m_LocalScale.x
      value: 10
      objectReference: {fileID: 0}
    - target: {fileID: 1735885461298823043, guid: bce52e34e213a6843bbfe59b44d824c2, type: 3}
      propertyPath: m_LocalScale.z
      value: 20
      objectReference: {fileID: 0}
    m_RemovedComponents: []
  m_SourcePrefab: {fileID: 100100000, guid: bce52e34e213a6843bbfe59b44d824c2, type: 3}
--- !u!4 &8232402404732043094 stripped
Transform:
  m_CorrespondingSourceObject: {fileID: 1735885461298823043, guid: bce52e34e213a6843bbfe59b44d824c2, type: 3}
  m_PrefabInstance: {fileID: 7649439833213157589}
  m_PrefabAsset: {fileID: 0}
--- !u!1001 &8507852387546385220
PrefabInstance:
  m_ObjectHideFlags: 0
  serializedVersion: 2
  m_Modification:
    m_TransformParent: {fileID: 3412793148011182006}
    m_Modifications:
    - target: {fileID: 1624604862262020076, guid: d330e12e78448f841bc3897639f23820, type: 3}
      propertyPath: m_Name
      value: BetterCrystal11 (5)
      objectReference: {fileID: 0}
    - target: {fileID: 1629736190661964254, guid: d330e12e78448f841bc3897639f23820, type: 3}
      propertyPath: m_LocalPosition.x
      value: 12.1
      objectReference: {fileID: 0}
    - target: {fileID: 1629736190661964254, guid: d330e12e78448f841bc3897639f23820, type: 3}
      propertyPath: m_LocalPosition.y
      value: 8.4
      objectReference: {fileID: 0}
    - target: {fileID: 1629736190661964254, guid: d330e12e78448f841bc3897639f23820, type: 3}
      propertyPath: m_LocalPosition.z
      value: 0.3
      objectReference: {fileID: 0}
    - target: {fileID: 1629736190661964254, guid: d330e12e78448f841bc3897639f23820, type: 3}
      propertyPath: m_LocalRotation.x
      value: 0.7475994
      objectReference: {fileID: 0}
    - target: {fileID: 1629736190661964254, guid: d330e12e78448f841bc3897639f23820, type: 3}
      propertyPath: m_LocalRotation.y
      value: 0.4576895
      objectReference: {fileID: 0}
    - target: {fileID: 1629736190661964254, guid: d330e12e78448f841bc3897639f23820, type: 3}
      propertyPath: m_LocalRotation.z
      value: 0.48123217
      objectReference: {fileID: 0}
    - target: {fileID: 1629736190661964254, guid: d330e12e78448f841bc3897639f23820, type: 3}
      propertyPath: m_LocalRotation.w
      value: -0.0055829715
      objectReference: {fileID: 0}
    - target: {fileID: 1629736190661964254, guid: d330e12e78448f841bc3897639f23820, type: 3}
      propertyPath: m_RootOrder
      value: 0
      objectReference: {fileID: 0}
    - target: {fileID: 1629736190661964254, guid: d330e12e78448f841bc3897639f23820, type: 3}
      propertyPath: m_LocalEulerAnglesHint.x
      value: -26.67
      objectReference: {fileID: 0}
    - target: {fileID: 1629736190661964254, guid: d330e12e78448f841bc3897639f23820, type: 3}
      propertyPath: m_LocalEulerAnglesHint.y
      value: -233.081
      objectReference: {fileID: 0}
    - target: {fileID: 1629736190661964254, guid: d330e12e78448f841bc3897639f23820, type: 3}
      propertyPath: m_LocalEulerAnglesHint.z
      value: -229.447
      objectReference: {fileID: 0}
    - target: {fileID: 1629736190661964254, guid: d330e12e78448f841bc3897639f23820, type: 3}
      propertyPath: m_LocalScale.z
      value: 10
      objectReference: {fileID: 0}
    - target: {fileID: 1629736190661964254, guid: d330e12e78448f841bc3897639f23820, type: 3}
      propertyPath: m_LocalScale.x
      value: 10
      objectReference: {fileID: 0}
    - target: {fileID: 1629736190661964254, guid: d330e12e78448f841bc3897639f23820, type: 3}
      propertyPath: m_LocalScale.y
      value: 7
      objectReference: {fileID: 0}
    m_RemovedComponents: []
  m_SourcePrefab: {fileID: 100100000, guid: d330e12e78448f841bc3897639f23820, type: 3}
--- !u!4 &6956947368879618714 stripped
Transform:
  m_CorrespondingSourceObject: {fileID: 1629736190661964254, guid: d330e12e78448f841bc3897639f23820, type: 3}
  m_PrefabInstance: {fileID: 8507852387546385220}
  m_PrefabAsset: {fileID: 0}
--- !u!1001 &8507852387707619955
PrefabInstance:
  m_ObjectHideFlags: 0
  serializedVersion: 2
  m_Modification:
    m_TransformParent: {fileID: 3412793148011182006}
    m_Modifications:
    - target: {fileID: 4416367696770328264, guid: 0fc5d031f945c45418ee4d0380619476, type: 3}
      propertyPath: m_Name
      value: Rock3 (4)
      objectReference: {fileID: 0}
    - target: {fileID: 9210432721097524691, guid: 0fc5d031f945c45418ee4d0380619476, type: 3}
      propertyPath: m_LocalPosition.x
      value: 0
      objectReference: {fileID: 0}
    - target: {fileID: 9210432721097524691, guid: 0fc5d031f945c45418ee4d0380619476, type: 3}
      propertyPath: m_LocalPosition.y
      value: 0
      objectReference: {fileID: 0}
    - target: {fileID: 9210432721097524691, guid: 0fc5d031f945c45418ee4d0380619476, type: 3}
      propertyPath: m_LocalPosition.z
      value: 0
      objectReference: {fileID: 0}
    - target: {fileID: 9210432721097524691, guid: 0fc5d031f945c45418ee4d0380619476, type: 3}
      propertyPath: m_LocalRotation.x
      value: 0.52435714
      objectReference: {fileID: 0}
    - target: {fileID: 9210432721097524691, guid: 0fc5d031f945c45418ee4d0380619476, type: 3}
      propertyPath: m_LocalRotation.y
      value: 0.045610555
      objectReference: {fileID: 0}
    - target: {fileID: 9210432721097524691, guid: 0fc5d031f945c45418ee4d0380619476, type: 3}
      propertyPath: m_LocalRotation.z
      value: -0.16430965
      objectReference: {fileID: 0}
    - target: {fileID: 9210432721097524691, guid: 0fc5d031f945c45418ee4d0380619476, type: 3}
      propertyPath: m_LocalRotation.w
      value: 0.83424914
      objectReference: {fileID: 0}
    - target: {fileID: 9210432721097524691, guid: 0fc5d031f945c45418ee4d0380619476, type: 3}
      propertyPath: m_RootOrder
      value: 1
      objectReference: {fileID: 0}
    - target: {fileID: 9210432721097524691, guid: 0fc5d031f945c45418ee4d0380619476, type: 3}
      propertyPath: m_LocalEulerAnglesHint.x
      value: 62.858
      objectReference: {fileID: 0}
    - target: {fileID: 9210432721097524691, guid: 0fc5d031f945c45418ee4d0380619476, type: 3}
      propertyPath: m_LocalEulerAnglesHint.y
      value: -12.175
      objectReference: {fileID: 0}
    - target: {fileID: 9210432721097524691, guid: 0fc5d031f945c45418ee4d0380619476, type: 3}
      propertyPath: m_LocalEulerAnglesHint.z
      value: -29.742
      objectReference: {fileID: 0}
    - target: {fileID: 9210432721097524691, guid: 0fc5d031f945c45418ee4d0380619476, type: 3}
      propertyPath: m_LocalScale.y
      value: 30
      objectReference: {fileID: 0}
    - target: {fileID: 9210432721097524691, guid: 0fc5d031f945c45418ee4d0380619476, type: 3}
      propertyPath: m_LocalScale.x
      value: 20
      objectReference: {fileID: 0}
    - target: {fileID: 9210432721097524691, guid: 0fc5d031f945c45418ee4d0380619476, type: 3}
      propertyPath: m_LocalScale.z
      value: 15
      objectReference: {fileID: 0}
    m_RemovedComponents: []
  m_SourcePrefab: {fileID: 100100000, guid: 0fc5d031f945c45418ee4d0380619476, type: 3}
--- !u!4 &703671401187544992 stripped
Transform:
  m_CorrespondingSourceObject: {fileID: 9210432721097524691, guid: 0fc5d031f945c45418ee4d0380619476, type: 3}
  m_PrefabInstance: {fileID: 8507852387707619955}
  m_PrefabAsset: {fileID: 0}
